<record><leader>00000cas a22000007a 4500</leader><controlfield tag="001">14173954</controlfield><controlfield tag="008">860903d18981899pauwr ne      0    0eng d</controlfield><datafield ind1=" " ind2=" " tag="010"><subfield code="a">sn 86081767 </subfield></datafield><datafield ind1=" " ind2=" " tag="040"><subfield code="a">NPH</subfield><subfield code="b">eng</subfield><subfield code="c">NPH</subfield><subfield code="d">OCLCQ</subfield></datafield><datafield ind1=" " ind2=" " tag="042"><subfield code="a">msc</subfield></datafield><datafield ind1="0" ind2="4" tag="245"><subfield code="a">The Wyalusing hustler.</subfield></datafield><datafield ind1=" " ind2=" " tag="260"><subfield code="a">Wyalusing, Bradford Co., Pa. :</subfield><subfield code="b">Geo. N. Truax and Frank F. Donley,</subfield><subfield code="c">1898-1899.</subfield></datafield><datafield ind1=" " ind2=" " tag="300"><subfield code="a">1 v. :</subfield><subfield code="b">ill. ;</subfield><subfield code="c">57 cm.</subfield></datafield><datafield ind1=" " ind2=" " tag="310"><subfield code="a">Weekly</subfield></datafield><datafield ind1="0" ind2=" " tag="362"><subfield code="a">Vol. 1, no. 1 (May 24, 1898)-v. 1, no. 44 (Mar. 22, 1899).</subfield></datafield><datafield ind1=" " ind2=" " tag="500"><subfield code="a">Published Tuesdays.</subfield></datafield><datafield ind1=" " ind2=" " tag="752"><subfield code="a">United States</subfield><subfield code="b">Pennsylvania</subfield><subfield code="c">Bradford</subfield><subfield code="d">Wyalusing.</subfield></datafield></record>